<?xml version='1.0' encoding='utf-8'?>
<record xmlns="http://www.loc.gov/MARC21/slim" xmlns:xsi="http://www.w3.org/2001/XMLSchema-instance">
  <leader>00000nam^a2200277^a^4500</leader>
  <controlfield tag="001">003325920</controlfield>
  <controlfield tag="005">20050518142159.0</controlfield>
  <controlfield tag="006">m^^^^^^^^d^^^^^^^^</controlfield>
  <controlfield tag="007">cr^bn^---auaua</controlfield>
  <controlfield tag="008">990329s1998^^^^miuac^^^^b^^^s001^0^eng^d</controlfield>
  <datafield tag="020" ind1=" " ind2=" ">
    <subfield code="a">0472590065</subfield>
  </datafield>
  <datafield tag="020" ind1=" " ind2=" ">
    <subfield code="a">0472590073</subfield>
    <subfield code="q">(pbk.)</subfield>
    <subfield code="c">$24.95</subfield>
  </datafield>
  <datafield tag="035" ind1=" " ind2=" ">
    <subfield code="a">(OCoLC)ocm40923887</subfield>
  </datafield>
  <datafield tag="035" ind1=" " ind2=" ">
    <subfield code="a">sdr-nrlf-ucscb167387820</subfield>
  </datafield>
  <datafield tag="040" ind1=" " ind2=" ">
    <subfield code="a">EOW</subfield>
    <subfield code="c">EOW</subfield>
    <subfield code="d">BEU</subfield>
  </datafield>
  <datafield tag="100" ind1="1" ind2=" ">
    <subfield code="a">Whitesell, Patricia S.</subfield>
  </datafield>
  <datafield tag="245" ind1="1" ind2="2">
    <subfield code="a">A creation of his own :</subfield>
    <subfield code="b">Tappan's Detroit Observatory /</subfield>
    <subfield code="c">Patricia S. Whitesell.</subfield>
  </datafield>
  <datafield tag="246" ind1="3" ind2="0">
    <subfield code="a">Tappan's Detroit Observatory.</subfield>
  </datafield>
  <datafield tag="260" ind1=" " ind2=" ">
    <subfield code="a">Ann Arbor, Mich. :</subfield>
    <subfield code="b">Bentley Historical Library, University of Michigan,</subfield>
    <subfield code="c">1998.</subfield>
  </datafield>
  <datafield tag="300" ind1=" " ind2=" ">
    <subfield code="a">xix, 236 p., [4] p. of plates :</subfield>
    <subfield code="b">ill. (some col.), ports. ;</subfield>
    <subfield code="c">23 cm.</subfield>
  </datafield>
  <datafield tag="504" ind1=" " ind2=" ">
    <subfield code="a">Includes bibliographical references (p.[211]-220) and index.</subfield>
  </datafield>
  <datafield tag="538" ind1=" " ind2=" ">
    <subfield code="a">Mode of access: Internet.</subfield>
  </datafield>
  <datafield tag="610" ind1="2" ind2="0">
    <subfield code="a">University of Michigan.</subfield>
    <subfield code="b">Detroit Observatory.</subfield>
  </datafield>
  <datafield tag="600" ind1="1" ind2="0">
    <subfield code="a">Tappan, Henry Philip,</subfield>
    <subfield code="d">1805-1881.</subfield>
  </datafield>
  <datafield tag="710" ind1="2" ind2=" ">
    <subfield code="a">Bentley Historical Library.</subfield>
  </datafield>
  <datafield tag="773" ind1="1" ind2=" ">
    <subfield code="a">Bentley Historical Library</subfield>
    <subfield code="t">Bentley Historical Library publications</subfield>
    <subfield code="w">APK6419</subfield>
  </datafield>
  <datafield tag="852" ind1="8" ind2=" ">
    <subfield code="a">MiU-H</subfield>
    <subfield code="b">BENT</subfield>
    <subfield code="h">0052 Bimu 2</subfield>
  </datafield>
  <datafield tag="852" ind1="8" ind2=" ">
    <subfield code="a">MiU-H</subfield>
    <subfield code="b">BENT</subfield>
    <subfield code="h">03156 Bimu B6 2</subfield>
  </datafield>
  <datafield tag="998" ind1=" " ind2=" ">
    <subfield code="c">LAC</subfield>
  </datafield>
  <datafield tag="LKR" ind1=" " ind2=" ">
    <subfield code="a">UP</subfield>
    <subfield code="b">002748125</subfield>
    <subfield code="l">MIU01</subfield>
    <subfield code="r">773</subfield>
    <subfield code="m">A creation of his own : Tappan's Detroit Observatory /</subfield>
    <subfield code="n">[Bentley Historical Library publications].</subfield>
  </datafield>
  <datafield tag="955" ind1=" " ind2=" ">
    <subfield code="b">BENT</subfield>
    <subfield code="p">39015071108479</subfield>
    <subfield code="z">v.1</subfield>
  </datafield>
  <datafield tag="955" ind1=" " ind2=" ">
    <subfield code="b">BENT</subfield>
    <subfield code="p">39015071108487</subfield>
    <subfield code="z">v.2</subfield>
  </datafield>
  <datafield tag="955" ind1=" " ind2=" ">
    <subfield code="b">BENT</subfield>
    <subfield code="p">39015071108495</subfield>
    <subfield code="z">c.3</subfield>
  </datafield>
  <datafield tag="955" ind1=" " ind2=" ">
    <subfield code="b">BENT</subfield>
    <subfield code="p">B1296294</subfield>
  </datafield>
  <datafield tag="955" ind1=" " ind2=" ">
    <subfield code="b">BENT</subfield>
    <subfield code="p">B1296295</subfield>
  </datafield>
  <controlfield tag="001">003325920</controlfield>
  <controlfield tag="005">20050518142159.0</controlfield>
  <controlfield tag="006">m^^^^^^^^d^^^^^^^^</controlfield>
  <controlfield tag="007">cr^bn^---auaua</controlfield>
  <controlfield tag="008">990329s1998^^^^miuac^^^^b^^^s001^0^eng^d</controlfield>
  <datafield tag="020" ind1=" " ind2=" ">
    <subfield code="a">0472590065</subfield>
  </datafield>
  <datafield tag="020" ind1=" " ind2=" ">
    <subfield code="a">0472590073</subfield>
    <subfield code="q">(pbk.)</subfield>
    <subfield code="c">$24.95</subfield>
  </datafield>
  <datafield tag="035" ind1=" " ind2=" ">
    <subfield code="a">(OCoLC)ocm40923887</subfield>
  </datafield>
  <datafield tag="035" ind1=" " ind2=" ">
    <subfield code="a">sdr-nrlf-ucscb167387820</subfield>
  </datafield>
  <datafield tag="040" ind1=" " ind2=" ">
    <subfield code="a">EOW</subfield>
    <subfield code="c">EOW</subfield>
    <subfield code="d">BEU</subfield>
  </datafield>
  <datafield tag="100" ind1="1" ind2=" ">
    <subfield code="a">Whitesell, Patricia S.</subfield>
  </datafield>
  <datafield tag="245" ind1="1" ind2="2">
    <subfield code="a">A creation of his own :</subfield>
    <subfield code="b">Tappan's Detroit Observatory /</subfield>
    <subfield code="c">Patricia S. Whitesell.</subfield>
  </datafield>
  <datafield tag="246" ind1="3" ind2="0">
    <subfield code="a">Tappan's Detroit Observatory.</subfield>
  </datafield>
  <datafield tag="260" ind1=" " ind2=" ">
    <subfield code="a">Ann Arbor, Mich. :</subfield>
    <subfield code="b">Bentley Historical Library, University of Michigan,</subfield>
    <subfield code="c">1998.</subfield>
  </datafield>
  <datafield tag="300" ind1=" " ind2=" ">
    <subfield code="a">xix, 236 p., [4] p. of plates :</subfield>
    <subfield code="b">ill. (some col.), ports. ;</subfield>
    <subfield code="c">23 cm.</subfield>
  </datafield>
  <datafield tag="504" ind1=" " ind2=" ">
    <subfield code="a">Includes bibliographical references (p.[211]-220) and index.</subfield>
  </datafield>
  <datafield tag="538" ind1=" " ind2=" ">
    <subfield code="a">Mode of access: Internet.</subfield>
  </datafield>
  <datafield tag="610" ind1="2" ind2="0">
    <subfield code="a">University of Michigan.</subfield>
    <subfield code="b">Detroit Observatory.</subfield>
  </datafield>
  <datafield tag="600" ind1="1" ind2="0">
    <subfield code="a">Tappan, Henry Philip,</subfield>
    <subfield code="d">1805-1881.</subfield>
  </datafield>
  <datafield tag="710" ind1="2" ind2=" ">
    <subfield code="a">Bentley Historical Library.</subfield>
  </datafield>
  <datafield tag="773" ind1="1" ind2=" ">
    <subfield code="a">Bentley Historical Library</subfield>
    <subfield code="t">Bentley Historical Library publications</subfield>
    <subfield code="w">APK6419</subfield>
  </datafield>
  <datafield tag="852" ind1="8" ind2=" ">
    <subfield code="a">MiU-H</subfield>
    <subfield code="b">BENT</subfield>
    <subfield code="h">0052 Bimu 2</subfield>
  </datafield>
  <datafield tag="852" ind1="8" ind2=" ">
    <subfield code="a">MiU-H</subfield>
    <subfield code="b">BENT</subfield>
    <subfield code="h">03156 Bimu B6 2</subfield>
  </datafield>
  <datafield tag="998" ind1=" " ind2=" ">
    <subfield code="c">LAC</subfield>
  </datafield>
  <datafield tag="LKR" ind1=" " ind2=" ">
    <subfield code="a">UP</subfield>
    <subfield code="b">002748125</subfield>
    <subfield code="l">MIU01</subfield>
    <subfield code="r">773</subfield>
    <subfield code="m">A creation of his own : Tappan's Detroit Observatory /</subfield>
    <subfield code="n">[Bentley Historical Library publications].</subfield>
  </datafield>
  <datafield tag="955" ind1=" " ind2=" ">
    <subfield code="b">BENT</subfield>
    <subfield code="p">39015071108479</subfield>
    <subfield code="z">v.1</subfield>
  </datafield>
  <datafield tag="955" ind1=" " ind2=" ">
    <subfield code="b">BENT</subfield>
    <subfield code="p">39015071108487</subfield>
    <subfield code="z">v.2</subfield>
  </datafield>
  <datafield tag="955" ind1=" " ind2=" ">
    <subfield code="b">BENT</subfield>
    <subfield code="p">39015071108495</subfield>
    <subfield code="z">c.3</subfield>
  </datafield>
  <datafield tag="955" ind1=" " ind2=" ">
    <subfield code="b">BENT</subfield>
    <subfield code="p">B1296294</subfield>
  </datafield>
  <datafield tag="955" ind1=" " ind2=" ">
    <subfield code="b">BENT</subfield>
    <subfield code="p">B1296295</subfield>
  </datafield>
</record>
